@article{Sorva2013,
 author = {Sorva, Juha and Karavirta, Ville and Malmi, Lauri},
 title = {A Review of Generic Program Visualization Systems for Introductory Programming Education},
 journal = {Trans. Computing Education},
 issue_date = {November 2013},
 volume = {13},
 number = {4},
 month = nov,
 year = {2013},
 issn = {1946-6226},
 pages = {15:1--15:64},
 articleno = {15},
 numpages = {64},
 acmid = {2490822},
 publisher = {ACM},
 address = {New York, NY, USA},
 keywords = {CS1, Introductory programming education, engagement taxonomy, literature review, notional machine, program dynamics, program visualization, software visualization},
}
 journal = {ACM Transactions on Computing Education},
 url = {http://doi.acm.org/10.1145/2490822},
 doi = {10.1145/2490822},


@inproceedings{Shaffer2011,
 author = {Shaffer, Clifford A. and Akbar, Monika and Alon, Alexander Joel D. and Stewart, Michael and Edwards, Stephen H.},
 title = {Getting Algorithm Visualizations into the Classroom},
 booktitle = {Proceedings of the 42nd ACM Technical Symposium on Computer Science Education},
 series = {SIGCSE '11},
 year = {2011},
 isbn = {978-1-4503-0500-6},
 location = {Dallas, TX, USA},
 pages = {129--134},
 numpages = {6},
 acmid = {1953204},
 publisher = {ACM},
 address = {New York, NY, USA},
 keywords = {active learning, algorithm visualization, animation, data structure visualization, interactive tutorial, online educational community, teaching aid},
}
 url = {http://doi.acm.org/10.1145/1953163.1953204},
 doi = {10.1145/1953163.1953204},

@misc{AlgoViz,
  title = {{AlgoViz.org}: The Algorithm Visualization Portal},
  howpublished = {\url{http://algoviz.org/}},
  note = {Accessed: 2014-02-11},
}

@inproceedings{Guo2013,
 author = {Guo, Philip J.},
 title = {{Online Python Tutor: Embeddable Web-based Program Visualization for CS Education}},
 booktitle = {Proceeding of the 44th ACM Technical Symposium on Computer Science Education},
 series = {SIGCSE '13},
 year = {2013},
 isbn = {978-1-4503-1868-6},
 location = {Denver, Colorado, USA},
 pages = {579--584},
 numpages = {6},
 acmid = {2445368},
 publisher = {ACM},
 address = {New York, NY, USA},
 keywords = {CS1, program visualization, python},
} 
 url = {http://doi.acm.org/10.1145/2445196.2445368},
 doi = {10.1145/2445196.2445368},

@book{Alice2008,
  address = {Upper Saddle River, NJ, USA},
  author = {Dann, Wanda P. and Cooper, Stephen and Pausch, Randy},
  citeulike-article-id = {8226694},
  citeulike-linkout-0 = {http://portal.acm.org/citation.cfm?id=1477661},
  edition = {2},
  isbn = {013208516X, 9780132085168},
  keywords = {final},
  posted-at = {2010-11-10 00:26:38},
  priority = {2},
  publisher = {Prentice Hall Press},
  title = {{Learning To Program with Alice}},
  url = {http://portal.acm.org/citation.cfm?id=1477661},
  year = {2008}
}

@book{Scratch2008,
 author = {Ford, Jerry Lee},
 title = {Scratch Programming for Teens},
 year = {2008},
 isbn = {1598635360, 9781598635362},
 edition = {1st},
 publisher = {Course Technology Press},
 address = {Boston, MA, United States},
}

@book{Lieberman2001,
  added-at = {2010-04-21T22:00:14.000+0200},
  biburl = {http://www.bibsonomy.org/bibtex/22c5abe5fbfa2aac7942a9071a321f39a/emanuel},
  editor = {Lieberman, Henry},
  interhash = {fbf485bb7ca90f22f5b2234b8b9852ba},
  intrahash = {2c5abe5fbfa2aac7942a9071a321f39a},
  keywords = {pbe},
  publisher = {Morgan Kaufmann Publishers},
  timestamp = {2010-04-21T22:00:14.000+0200},
  title = {Your Wish is My Command: Programming by Example},
  year = 2001
}

@book{Cypher1993,
  added-at = {2009-06-02T18:51:39.000+0200},
  address = {Cambridge, MA, USA},
  citeulike-article-id = {2753332},
  editor = {Cypher, Allen and Halbert, Daniel C. and Kurlander, David and Lieberman, Henry and Maulsby, David and Myers, Brad A. and Turransky, Alan},
  interhash = {e8b5c64cd682254e23f6cf4b16d3b4e3},
  intrahash = {838522747684de87d80c0b62d69dd4ed},
  isbn = {0262032139},
  keywords = {book, pbd},
  posted-at = {2008-05-22 00:53:01},
  priority = {2},
  publisher = {MIT Press},
  timestamp = {2009-06-02T18:51:39.000+0200},
  title = {Watch what I do: programming by demonstration},
  year = 1993
}
  biburl = {http://www.bibsonomy.org/bibtex/2838522747684de87d80c0b62d69dd4ed/rcreswick},
  url = {http://portal.acm.org/citation.cfm?id=168080},

@inproceedings{Kandel2011,
 author = {Kandel, Sean and Paepcke, Andreas and Hellerstein, Joseph and Heer, Jeffrey},
 title = {Wrangler: Interactive Visual Specification of Data Transformation Scripts},
 booktitle = {Proceedings of the SIGCHI Conference on Human Factors in Computing Systems},
 series = {CHI '11},
 year = {2011},
 isbn = {978-1-4503-0228-9},
 location = {Vancouver, BC, Canada},
 pages = {3363--3372},
 numpages = {10},
 acmid = {1979444},
 publisher = {ACM},
 address = {New York, NY, USA},
 keywords = {data analysis, data cleaning, transformation, visualization, wrangler},
}
 url = {http://doi.acm.org/10.1145/1978942.1979444},
 doi = {10.1145/1978942.1979444},

@inproceedings{Yessenov2013,
 author = {Yessenov, Kuat and Tulsiani, Shubham and Menon, Aditya and Miller, Robert C. and Gulwani, Sumit and Lampson, Butler and Kalai, Adam},
 title = {A Colorful Approach to Text Processing by Example},
 booktitle = {ACM Symposium on User Interface Software and Technology},
 series = {UIST '13},
 year = {2013},
 isbn = {978-1-4503-2268-3},
 location = {St. Andrews, Scotland, United Kingdom},
 pages = {495--504},
 numpages = {10},
 acmid = {2502040},
 publisher = {ACM},
 address = {New York, NY, USA},
 keywords = {programming by example, text processing},
}
 url = {http://doi.acm.org/10.1145/2501988.2502040},
 doi = {10.1145/2501988.2502040},

@inproceedings{Orsega2012,
 author = {Orsega, Michael C. and Vander Zanden, Bradley T. and Skinner, Christopher H.},
 title = {Experiments with algorithm visualization tool development},
 booktitle = {Proceedings of the 43rd ACM technical symposium on Computer Science Education},
 series = {SIGCSE '12},
 year = {2012},
 isbn = {978-1-4503-1098-7},
 location = {Raleigh, North Carolina, USA},
 pages = {559--564},
 numpages = {6},
 acmid = {2157296},
 keywords = {iSketchmate},
}
 url = {http://doi.acm.org/10.1145/2157136.2157296},
 doi = {10.1145/2157136.2157296},

@article{Sweller1985,
    author = {Sweller, J. and Cooper, G. A.},
    title = {The use of worked examples as a substitute for problem
    solving in learning algebra},
    journal = {Cognition and Instruction},
    year = {1985},
    volume = {2},
    pages = {58--89}
}

@article{Linn1992,
 author = {Linn, Marcia C. and Clancy, Michael J.},
 title = {The Case for Case Studies of Programming Problems},
 journal = {Comm. of the ACM},
 issue_date = {March 1992},
 volume = {35},
 number = {3},
 year = {1992},
 issn = {0001-0782},
 pages = {121--132},
 numpages = {12},
 acmid = {131301},
 publisher = {ACM},
 address = {New York, NY, USA},
 keywords = {Pascal, apprenticeship learning, case studies, computer science education, curriculum materials, design     skills, introductory programming, knowledge organization, literate programming},
}
 month = mar,
 url = {http://doi.acm.org/10.1145/131295.131301},
 doi = {10.1145/131295.131301},
 journal = {Communications of the ACM},

@article{Balzer1989,
  author = {Balzer, W. K. and Doherty, M. E. and O'Connor, R.},
  journal = {Psychological Bulletin},
  pages = {410--433},
  title = {Effects of cognitive feedback on performance},
  volume = 106,
  number = 3,
  year = 1989
}
  url = {http://www.eric.ed.gov/ERICWebPortal/detail?accno=EJ303699},

@inproceedings{Sandoval95,
    author = {William A. Sandoval and J. Gregory Trafton and Brian J. Reiser},
    title = {The Effects of Self-Explanation on Studying Examples and Solving Problems},
    booktitle = {In Proceedings of the Seventeenth Annual Conference of the Cognitive Science Society. Hillsdale, NJ:    Lawrence Erlbaum Associates, Inc},
    year = {1995},
    pages = {511--532}
}

@article{Chi1989,
  added-at = {2009-02-24T19:22:48.000+0100},
  author = {Chi, M. T. H. and Bassok, M. and Lewis, M. and Reimann, P. and Glaser, R.},
  journal = {Cognitive Science},
  pages = {145--182},
  title = {Self-explanations: How students study and use examples in learning to solve problems},
  volume = 13,
  year = 1989
}

@article{Detienne90,
  added-at = {2011-06-27T00:00:00.000+0200},
  author = {Detienne, Francoise and Soloway, Elliot},
  interhash = {7b3d073cb58d191aaa5d11bc6b12e4e1},
  intrahash = {1d812b2210fbd85f4099ac39d0f9994c},
  journal = {International Journal of Man-Machine Studies},
  keywords = {dblp},
  number = 3,
  pages = {323-342},
  timestamp = {2011-06-27T00:00:00.000+0200},
  title = {An Empirically-Derived Control Structure for the Process of Program Understanding},
  volume = 33,
  year = 1990
}
  biburl = {http://www.bibsonomy.org/bibtex/21d812b2210fbd85f4099ac39d0f9994c/dblp},
  ee = {http://dx.doi.org/10.1016/S0020-7373(05)80122-1},

@book{Cormen2001,
 author = {Cormen, Thomas H. and Stein, Clifford and Rivest, Ronald L. and Leiserson, Charles E.},
 title = {Introduction to Algorithms},
 year = {2001},
 isbn = {0070131511},
 edition = {2nd},
 publisher = {McGraw-Hill Higher Education},
}

@article{Pea2004,
    author = {Pea, Roy D.},
    journal = {Jour. Learning Sciences},
    keywords = {cognitive, edu261, education, learning, scaffolding, sciences},
    number = {3},
    pages = {423--451},
    publisher = {Routledge},
    title = {{The Social and Technological Dimensions of Scaffolding and Related Theoretical Concepts for Learning, Education, and Human Activity}},
    volume = {13},
    year = {2004}
}
    journal = {Journal of the Learning Sciences},
    url = {http://dx.doi.org/10.1207/s15327809jls1303\_6},

@article{Ross1991, 
 author = {Ross, Rockford J.}, 
 title = {Experience with the {DYNAMOD} Program Animator}, 
 journal = {SIGCSE Bulletin}, 
 issue_date = {Mar. 1991}, 
 volume = {23}, 
 number = {1}, 
 month = mar, 
 year = {1991}, 
 issn = {0097-8418}, 
 pages = {35--42}, 
 numpages = {8}, 
 acmid = {107013}, 
 publisher = {ACM}, 
 address = {New York, NY, USA},
}
 url = {http://doi.acm.org/10.1145/107005.107013}, 
 doi = {10.1145/107005.107013}, 

@article{Vainio2007,
 author = {Vainio, Vesa and Sajaniemi, Jorma},
 title = {Factors in Novice Programmers' Poor Tracing Skills},
 journal = {SIGCSE Bulletin},
 issue_date = {September 2007},
 volume = {39},
 number = {3},
 month = jun,
 year = {2007},
 issn = {0097-8418},
 pages = {236--240},
 numpages = {5},
 url = {http://doi.acm.org/10.1145/1269900.1268853},
 doi = {10.1145/1269900.1268853},
 acmid = {1268853},
 publisher = {ACM},
 address = {New York, NY, USA},
 keywords = {elementary programming, program tracing, programming education},
}

@PhDThesis{Sorva2012Diss,
  author = {Sorva, Juha},
  title = {Visual Program Simulation in Introductory Programming Education},
  school = {Aalto University},
  year = 2012,
  month = May,
}

@inproceedings{Sutherland1963,
 author = {Sutherland, Ivan E.},
 title = {Sketchpad: A Man-machine Graphical Communication System},
 booktitle = {Proceedings of the May 21-23, 1963, Spring Joint Computer Conference},
 series = {AFIPS '63 (Spring)},
 year = {1963},
 location = {Detroit, Michigan},
 pages = {329--346},
 numpages = {18},
 url = {http://doi.acm.org/10.1145/1461551.1461591},
 doi = {10.1145/1461551.1461591},
 acmid = {1461591},
 publisher = {ACM},
 address = {New York, NY, USA},
}

@article{Hutchins1985,
 author = {Hutchins, Edwin L. and Hollan, James D. and Norman, Donald A.},
 title = {Direct Manipulation Interfaces},
 journal = {Human-Computer Interaction},
 issue_date = {December 1985},
 volume = {1},
 number = {4},
 month = dec,
 year = {1985},
 issn = {0737-0024},
 pages = {311--338},
 numpages = {28},
 url = {http://dx.doi.org/10.1207/s15327051hci0104_2},
 doi = {10.1207/s15327051hci0104_2},
 acmid = {1453235},
 publisher = {L. Erlbaum Associates Inc.},
 address = {Hillsdale, NJ, USA},
}

@article{Shneiderman1982,
  title={The future of interactive systems and the emergence of direct manipulation†},
  author={Shneiderman, Ben},
  journal={Behaviour \& Information Technology},
  volume={1},
  number={3},
  pages={237--256},
  year={1982},
  publisher={Taylor \& Francis}
}

@article{Ross2006,
  title={10 Online instantaneous and targeted feedback for remote learners},
  author={Ross, Shelagh and Jordan, Sally and Butcher, Philip},
  journal={Innovative assessment in higher education},
  pages={123},
  year={2006},
  publisher={Routledge}
}

@article{Lister2004,
  title={A multi-national study of reading and tracing skills in novice programmers},
  author={Lister, Raymond and Adams, Elizabeth S and Fitzgerald, Sue and Fone, William and Hamer, John and Lindholm, Morten and McCartney, Robert and Mostr{\"o}m, Jan Erik and Sanders, Kate and Sepp{\"a}l{\"a}, Otto and others},
  journal={ACM SIGCSE Bulletin},
  volume={36},
  number={4},
  pages={119--150},
  year={2004},
  publisher={ACM}
}